<?xml version="1.0" encoding="UTF-8"?><collection xmlns="http://www.loc.gov/MARC21/slim"><record><leader>00418nam--2200145-i-4500</leader><controlfield tag="001">000012747</controlfield><controlfield tag="002">20161230</controlfield><controlfield tag="005">20161230201029</controlfield><controlfield tag="008">060222s1000------------r-----000-0-eng-d</controlfield><datafield ind1=" " ind2=" " tag="080"><subfield code="a">530.145.6:638.11</subfield></datafield><datafield ind1=" " ind2=" " tag="100"><subfield code="a">Animalu, Alexander O.E</subfield></datafield><datafield ind1=" " ind2=" " tag="245"><subfield code="a">Intermesiate quantum theory of crystaline solids</subfield></datafield><datafield ind1=" " ind2=" " tag="260"><subfield code="a">New Jersey, Prentice-hall, Inc., 1977 Xi + 516 P</subfield></datafield><datafield ind1=" " ind2=" " tag="490"><subfield code="a">Prentice-hall Physics Series</subfield></datafield><datafield ind1=" " ind2=" " tag="852"><subfield code="a">41880</subfield></datafield></record></collection>